@ARTICLE{2016PhRvL.116d1301M,
   author = {{Miyatake}, H. and {More}, S. and {Takada}, M. and {Spergel}, D.~N. and 
	{Mandelbaum}, R. and {Rykoff}, E.~S. and {Rozo}, E.},
    title = "{Evidence of Halo Assembly Bias in Massive Clusters}",
  journal = {Physical Review Letters},
archivePrefix = "arXiv",
   eprint = {1506.06135},
     year = 2016,
    month = jan,
   volume = 116,
   number = 4,
      eid = {041301},
    pages = {041301},
      doi = {10.1103/PhysRevLett.116.041301},
   adsurl = {http://adsabs.harvard.edu/abs/2016PhRvL.116d1301M},
  adsnote = {Provided by the SAO/NASA Astrophysics Data System}
}

@ARTICLE{2013MNRAS.432.1544M,
   author = {{Mandelbaum}, R. and {Slosar}, A. and {Baldauf}, T. and {Seljak}, U. and 
	{Hirata}, C.~M. and {Nakajima}, R. and {Reyes}, R. and {Smith}, R.~E.
	},
    title = "{Cosmological parameter constraints from galaxy-galaxy lensing and galaxy clustering with the SDSS DR7}",
  journal = {\mnras},
archivePrefix = "arXiv",
   eprint = {1207.1120},
 keywords = {gravitational lensing: weak, cosmological parameters, cosmology: observations, large-scale structure of Universe},
     year = 2013,
    month = jun,
   volume = 432,
    pages = {1544-1575},
      doi = {10.1093/mnras/stt572},
   adsurl = {http://adsabs.harvard.edu/abs/2013MNRAS.432.1544M},
  adsnote = {Provided by the SAO/NASA Astrophysics Data System}
}

@ARTICLE{2005MNRAS.361.1287M,
   author = {{Mandelbaum}, R. and {Hirata}, C.~M. and {Seljak}, U. and {Guzik}, J. and 
	{Padmanabhan}, N. and {Blake}, C. and {Blanton}, M.~R. and {Lupton}, R. and 
	{Brinkmann}, J.},
    title = "{Systematic errors in weak lensing: application to SDSS galaxy-galaxy weak lensing}",
  journal = {\mnras},
   eprint = {astro-ph/0501201},
 keywords = {gravitational lensing, galaxies: distances and redshifts, galaxies: halos},
     year = 2005,
    month = aug,
   volume = 361,
    pages = {1287-1322},
      doi = {10.1111/j.1365-2966.2005.09282.x},
   adsurl = {http://adsabs.harvard.edu/abs/2005MNRAS.361.1287M},
  adsnote = {Provided by the SAO/NASA Astrophysics Data System}
}

@ARTICLE{2015ApJ...806....1M,
   author = {{Miyatake}, H. and {More}, S. and {Mandelbaum}, R. and {Takada}, M. and 
	{Spergel}, D.~N. and {Kneib}, J.-P. and {Schneider}, D.~P. and 
	{Brinkmann}, J. and {Brownstein}, J.~R.},
    title = "{The Weak Lensing Signal and the Clustering of BOSS Galaxies. I. Measurements}",
  journal = {\apj},
archivePrefix = "arXiv",
   eprint = {1311.1480},
 keywords = {cosmology: observations, galaxies: halos, gravitational lensing: weak, large-scale structure of universe},
     year = 2015,
    month = jun,
   volume = 806,
      eid = {1},
    pages = {1},
      doi = {10.1088/0004-637X/806/1/1},
   adsurl = {http://adsabs.harvard.edu/abs/2015ApJ...806....1M},
  adsnote = {Provided by the SAO/NASA Astrophysics Data System}
}

@ARTICLE{2012MNRAS.420.3240N,
   author = {{Nakajima}, R. and {Mandelbaum}, R. and {Seljak}, U. and {Cohn}, J.~D. and 
	{Reyes}, R. and {Cool}, R.},
    title = "{Photometric redshift requirements for lens galaxies in galaxy-galaxy lensing analyses}",
  journal = {\mnras},
archivePrefix = "arXiv",
   eprint = {1107.1395},
 keywords = {gravitational lensing: weak, methods: data analysis, galaxies: distances and redshifts, cosmology: observations},
     year = 2012,
    month = mar,
   volume = 420,
    pages = {3240-3263},
      doi = {10.1111/j.1365-2966.2011.20249.x},
   adsurl = {http://adsabs.harvard.edu/abs/2012MNRAS.420.3240N},
  adsnote = {Provided by the SAO/NASA Astrophysics Data System}
}

@ARTICLE{2012JCAP...05..030S,
   author = {{Schneider}, M.~D. and {Frenk}, C.~S. and {Cole}, S.},
    title = "{The shapes and alignments of dark matter halos}",
  journal = {\jcap},
archivePrefix = "arXiv",
   eprint = {1111.5616},
     year = 2012,
    month = may,
   volume = 5,
      eid = {030},
    pages = {030},
      doi = {10.1088/1475-7516/2012/05/030},
   adsurl = {http://adsabs.harvard.edu/abs/2012JCAP...05..030S},
  adsnote = {Provided by the SAO/NASA Astrophysics Data System}
}

@ARTICLE{2008ApJ...687...12D,
   author = {{Dalal}, N. and {White}, M. and {Bond}, J.~R. and {Shirokov}, A.
	},
    title = "{Halo Assembly Bias in Hierarchical Structure Formation}",
  journal = {\apj},
archivePrefix = "arXiv",
   eprint = {0803.3453},
 keywords = {cosmology: theory, dark matter, large-scale structure of universe, methods: numerical },
     year = 2008,
    month = nov,
   volume = 687,
      eid = {12-21},
    pages = {12-21},
      doi = {10.1086/591512},
   adsurl = {http://adsabs.harvard.edu/abs/2008ApJ...687...12D},
  adsnote = {Provided by the SAO/NASA Astrophysics Data System}
}

@ARTICLE{2015ApJ...806....2M,
   author = {{More}, S. and {Miyatake}, H. and {Mandelbaum}, R. and {Takada}, M. and 
	{Spergel}, D.~N. and {Brownstein}, J.~R. and {Schneider}, D.~P.
	},
    title = "{The Weak Lensing Signal and the Clustering of BOSS Galaxies. II. Astrophysical and Cosmological Constraints}",
  journal = {\apj},
archivePrefix = "arXiv",
   eprint = {1407.1856},
 keywords = {cosmological parameters, cosmology: observations, cosmology: theory, dark matter, gravitational lensing: weak, large-scale structure of universe},
     year = 2015,
    month = jun,
   volume = 806,
      eid = {2},
    pages = {2},
      doi = {10.1088/0004-637X/806/1/2},
   adsurl = {http://adsabs.harvard.edu/abs/2015ApJ...806....2M},
  adsnote = {Provided by the SAO/NASA Astrophysics Data System}
}

@ARTICLE{2014ApJ...785..104R,
   author = {{Rykoff}, E.~S. and {Rozo}, E. and {Busha}, M.~T. and {Cunha}, C.~E. and 
	{Finoguenov}, A. and {Evrard}, A. and {Hao}, J. and {Koester}, B.~P. and 
	{Leauthaud}, A. and {Nord}, B. and {Pierre}, M. and {Reddick}, R. and 
	{Sadibekova}, T. and {Sheldon}, E.~S. and {Wechsler}, R.~H.},
    title = "{redMaPPer. I. Algorithm and SDSS DR8 Catalog}",
  journal = {\apj},
archivePrefix = "arXiv",
   eprint = {1303.3562},
 keywords = {galaxies: clusters: general},
     year = 2014,
    month = apr,
   volume = 785,
      eid = {104},
    pages = {104},
      doi = {10.1088/0004-637X/785/2/104},
   adsurl = {http://adsabs.harvard.edu/abs/2014ApJ...785..104R},
  adsnote = {Provided by the SAO/NASA Astrophysics Data System}
}
@ARTICLE{2011ApJS..193...29A,
   author = {{Aihara}, H. and {Allende Prieto}, C. and {An}, D. and {Anderson}, S.~F. and 
	{Aubourg}, {\'E}. and {Balbinot}, E. and {Beers}, T.~C. and 
	{Berlind}, A.~A. and {Bickerton}, S.~J. and {Bizyaev}, D. and 
	{Blanton}, M.~R. and {Bochanski}, J.~J. and {Bolton}, A.~S. and 
	{Bovy}, J. and {Brandt}, W.~N. and {Brinkmann}, J. and {Brown}, P.~J. and 
	{Brownstein}, J.~R. and {Busca}, N.~G. and {Campbell}, H. and 
	{Carr}, M.~A. and {Chen}, Y. and {Chiappini}, C. and {Comparat}, J. and 
	{Connolly}, N. and {Cortes}, M. and {Croft}, R.~A.~C. and {Cuesta}, A.~J. and 
	{da Costa}, L.~N. and {Davenport}, J.~R.~A. and {Dawson}, K. and 
	{Dhital}, S. and {Ealet}, A. and {Ebelke}, G.~L. and {Edmondson}, E.~M. and 
	{Eisenstein}, D.~J. and {Escoffier}, S. and {Esposito}, M. and 
	{Evans}, M.~L. and {Fan}, X. and {Femen{\'{\i}}a Castell{\'a}}, B. and 
	{Font-Ribera}, A. and {Frinchaboy}, P.~M. and {Ge}, J. and {Gillespie}, B.~A. and 
	{Gilmore}, G. and {Gonz{\'a}lez Hern{\'a}ndez}, J.~I. and {Gott}, J.~R. and 
	{Gould}, A. and {Grebel}, E.~K. and {Gunn}, J.~E. and {Hamilton}, J.-C. and 
	{Harding}, P. and {Harris}, D.~W. and {Hawley}, S.~L. and {Hearty}, F.~R. and 
	{Ho}, S. and {Hogg}, D.~W. and {Holtzman}, J.~A. and {Honscheid}, K. and 
	{Inada}, N. and {Ivans}, I.~I. and {Jiang}, L. and {Johnson}, J.~A. and 
	{Jordan}, C. and {Jordan}, W.~P. and {Kazin}, E.~A. and {Kirkby}, D. and 
	{Klaene}, M.~A. and {Knapp}, G.~R. and {Kneib}, J.-P. and {Kochanek}, C.~S. and 
	{Koesterke}, L. and {Kollmeier}, J.~A. and {Kron}, R.~G. and 
	{Lampeitl}, H. and {Lang}, D. and {Le Goff}, J.-M. and {Lee}, Y.~S. and 
	{Lin}, Y.-T. and {Long}, D.~C. and {Loomis}, C.~P. and {Lucatello}, S. and 
	{Lundgren}, B. and {Lupton}, R.~H. and {Ma}, Z. and {MacDonald}, N. and 
	{Mahadevan}, S. and {Maia}, M.~A.~G. and {Makler}, M. and {Malanushenko}, E. and 
	{Malanushenko}, V. and {Mandelbaum}, R. and {Maraston}, C. and 
	{Margala}, D. and {Masters}, K.~L. and {McBride}, C.~K. and 
	{McGehee}, P.~M. and {McGreer}, I.~D. and {M{\'e}nard}, B. and 
	{Miralda-Escud{\'e}}, J. and {Morrison}, H.~L. and {Mullally}, F. and 
	{Muna}, D. and {Munn}, J.~A. and {Murayama}, H. and {Myers}, A.~D. and 
	{Naugle}, T. and {Neto}, A.~F. and {Nguyen}, D.~C. and {Nichol}, R.~C. and 
	{O'Connell}, R.~W. and {Ogando}, R.~L.~C. and {Olmstead}, M.~D. and 
	{Oravetz}, D.~J. and {Padmanabhan}, N. and {Palanque-Delabrouille}, N. and 
	{Pan}, K. and {Pandey}, P. and {P{\^a}ris}, I. and {Percival}, W.~J. and 
	{Petitjean}, P. and {Pfaffenberger}, R. and {Pforr}, J. and 
	{Phleps}, S. and {Pichon}, C. and {Pieri}, M.~M. and {Prada}, F. and 
	{Price-Whelan}, A.~M. and {Raddick}, M.~J. and {Ramos}, B.~H.~F. and 
	{Reyl{\'e}}, C. and {Rich}, J. and {Richards}, G.~T. and {Rix}, H.-W. and 
	{Robin}, A.~C. and {Rocha-Pinto}, H.~J. and {Rockosi}, C.~M. and 
	{Roe}, N.~A. and {Rollinde}, E. and {Ross}, A.~J. and {Ross}, N.~P. and 
	{Rossetto}, B.~M. and {S{\'a}nchez}, A.~G. and {Sayres}, C. and 
	{Schlegel}, D.~J. and {Schlesinger}, K.~J. and {Schmidt}, S.~J. and 
	{Schneider}, D.~P. and {Sheldon}, E. and {Shu}, Y. and {Simmerer}, J. and 
	{Simmons}, A.~E. and {Sivarani}, T. and {Snedden}, S.~A. and 
	{Sobeck}, J.~S. and {Steinmetz}, M. and {Strauss}, M.~A. and 
	{Szalay}, A.~S. and {Tanaka}, M. and {Thakar}, A.~R. and {Thomas}, D. and 
	{Tinker}, J.~L. and {Tofflemire}, B.~M. and {Tojeiro}, R. and 
	{Tremonti}, C.~A. and {Vandenberg}, J. and {Vargas Maga{\~n}a}, M. and 
	{Verde}, L. and {Vogt}, N.~P. and {Wake}, D.~A. and {Wang}, J. and 
	{Weaver}, B.~A. and {Weinberg}, D.~H. and {White}, M. and {White}, S.~D.~M. and 
	{Yanny}, B. and {Yasuda}, N. and {Yeche}, C. and {Zehavi}, I.
	},
    title = "{The Eighth Data Release of the Sloan Digital Sky Survey: First Data from SDSS-III}",
  journal = {\apjs},
archivePrefix = "arXiv",
   eprint = {1101.1559},
 primaryClass = "astro-ph.IM",
 keywords = {atlases, catalogs, surveys},
     year = 2011,
    month = apr,
   volume = 193,
      eid = {29},
    pages = {29},
      doi = {10.1088/0067-0049/193/2/29},
   adsurl = {http://adsabs.harvard.edu/abs/2011ApJS..193...29A},
  adsnote = {Provided by the SAO/NASA Astrophysics Data System}
}

@ARTICLE{1996AJ....111.1748F,
   author = {{Fukugita}, M. and {Ichikawa}, T. and {Gunn}, J.~E. and {Doi}, M. and 
	{Shimasaku}, K. and {Schneider}, D.~P.},
    title = "{The Sloan Digital Sky Survey Photometric System}",
  journal = {\aj},
 keywords = {SURVEYS, INSTRUMENTATION: PHOTOMETERS, TECHNIQUES: PHOTOMETRIC},
     year = 1996,
    month = apr,
   volume = 111,
    pages = {1748},
      doi = {10.1086/117915},
   adsurl = {http://adsabs.harvard.edu/abs/1996AJ....111.1748F},
  adsnote = {Provided by the SAO/NASA Astrophysics Data System}
}
